<?xml version="1.0" encoding="UTF-8"?>
<zs:searchRetrieveResponse xmlns:zs="http://www.loc.gov/zing/srw/">
  <zs:version>1.1</zs:version>
  <zs:numberOfRecords>3</zs:numberOfRecords>
  <zs:records>
    <zs:record>
      <zs:recordSchema/>
      <zs:recordPacking>xml</zs:recordPacking>
      <zs:recordData>
        <record xmlns="http://www.loc.gov/MARC21/slim">
          <leader>03001cam a2200433 i 4500</leader>
          <controlfield tag="001">18616341</controlfield>
          <controlfield tag="005">20160719103108.0</controlfield>
          <controlfield tag="008">150513t20152015enk      b    001 0 eng  </controlfield>
          <datafield tag="906" ind1=" " ind2=" ">
            <subfield code="a">7</subfield>
            <subfield code="b">cbc</subfield>
            <subfield code="c">orignew</subfield>
            <subfield code="d">1</subfield>
            <subfield code="e">ecip</subfield>
            <subfield code="f">20</subfield>
            <subfield code="g">y-gencatlg</subfield>
          </datafield>
          <datafield tag="925" ind1="0" ind2=" ">
            <subfield code="a">acquire</subfield>
            <subfield code="b">1 shelf copy</subfield>
            <subfield code="x">policy default</subfield>
            <subfield code="e">claim1  2015-12-02</subfield>
          </datafield>
          <datafield tag="955" ind1=" " ind2=" ">
            <subfield code="b">rl11 2015-05-13</subfield>
            <subfield code="i">rl11 2015-05-13 ONIX</subfield>
            <subfield code="a">rl11 2015-05-14 to Dewey</subfield>
            <subfield code="w">xl05 2015-05-15 (telework)</subfield>
            <subfield code="a">xn12 2016-03-25 1 copy rec'd., to CIP ver.</subfield>
            <subfield code="a">rl06 2016-04-07 to SMA</subfield>
            <subfield code="f">rl46 2016-04-22 (telework) to CALM</subfield>
          </datafield>
          <datafield tag="010" ind1=" " ind2=" ">
            <subfield code="a">  2015012940</subfield>
          </datafield>
          <datafield tag="020" ind1=" " ind2=" ">
            <subfield code="a">9781137490919 (hardback)</subfield>
          </datafield>
          <datafield tag="040" ind1=" " ind2=" ">
            <subfield code="a">DLC</subfield>
            <subfield code="b">eng</subfield>
            <subfield code="c">DLC</subfield>
            <subfield code="e">rda</subfield>
            <subfield code="d">DLC</subfield>
          </datafield>
          <datafield tag="042" ind1=" " ind2=" ">
            <subfield code="a">pcc</subfield>
          </datafield>
          <datafield tag="043" ind1=" " ind2=" ">
            <subfield code="a">e------</subfield>
          </datafield>
          <datafield tag="050" ind1="0" ind2="0">
            <subfield code="a">RC339.E85</subfield>
            <subfield code="b">P79 2015</subfield>
          </datafield>
          <datafield tag="082" ind1="0" ind2="0">
            <subfield code="a">616.89</subfield>
            <subfield code="2">23</subfield>
          </datafield>
          <datafield tag="084" ind1=" " ind2=" ">
            <subfield code="a">HIS010010</subfield>
            <subfield code="a">HIS014000</subfield>
            <subfield code="a">HIS032000</subfield>
            <subfield code="a">HIS037070</subfield>
            <subfield code="a">MED102000</subfield>
            <subfield code="2">bisacsh</subfield>
          </datafield>
          <datafield tag="245" ind1="0" ind2="0">
            <subfield code="a">Psychiatry in communist Europe /</subfield>
            <subfield code="c">edited by Mat Savelli, Research Fellow, McMaster University, Canada and Sarah Marks, Research Fellow, Murray Edwards College, University of Cambridge, UK.</subfield>
          </datafield>
          <datafield tag="264" ind1=" " ind2="1">
            <subfield code="a">Houndmills, Basingstoke Hampshire ;</subfield>
            <subfield code="a">New York, NY :</subfield>
            <subfield code="b">Palgrave Macmillan,</subfield>
            <subfield code="c">2015.</subfield>
          </datafield>
          <datafield tag="300" ind1=" " ind2=" ">
            <subfield code="a">xi, 222 pages ;</subfield>
            <subfield code="c">23 cm.</subfield>
          </datafield>
          <datafield tag="336" ind1=" " ind2=" ">
            <subfield code="a">text</subfield>
            <subfield code="2">rdacontent</subfield>
          </datafield>
          <datafield tag="337" ind1=" " ind2=" ">
            <subfield code="a">unmediated</subfield>
            <subfield code="2">rdamedia</subfield>
          </datafield>
          <datafield tag="338" ind1=" " ind2=" ">
            <subfield code="a">volume</subfield>
            <subfield code="2">rdacarrier</subfield>
          </datafield>
          <datafield tag="490" ind1="0" ind2=" ">
            <subfield code="a">Mental health in historical perspective</subfield>
          </datafield>
          <datafield tag="520" ind1=" " ind2=" ">
            <subfield code="a">"This is the first book to address the history of psychiatry under Communism in Central and Eastern Europe, from the Soviet Union to East Germany. It brings together new research addressing understandings of mental health and disorder, treatments and therapies, and the interplay between politics, ideology and psychiatry. It challenges assumptions about the extent of political control, exploring beyond the instances of punitive abuse of psychiatry, and recognizing the international exchanges which informed the development of research and practice in the region.The authors discuss:[bullet] Treatments such as work therapy, insulin shock therapy, antipsychotic medications[bullet] International exchanges between the USA, Western Europe, USSR and Central Asia[bullet] Environmental, social and biological explanations of mental health and illness[bullet] The relationship between psychiatry, ideology and the Communist state[bullet] Soviet reponses to antipsychiatry and 'One Flew Over the Cuckoo's Nest'"--</subfield>
            <subfield code="c">Provided by publisher.</subfield>
          </datafield>
          <datafield tag="504" ind1=" " ind2=" ">
            <subfield code="a">Includes bibliographical references and index.</subfield>
          </datafield>
          <datafield tag="650" ind1=" " ind2="0">
            <subfield code="a">Psychiatry</subfield>
            <subfield code="z">Europe</subfield>
            <subfield code="x">History</subfield>
            <subfield code="z">20th century.</subfield>
          </datafield>
          <datafield tag="650" ind1=" " ind2="0">
            <subfield code="a">Mental health</subfield>
            <subfield code="z">Europe</subfield>
            <subfield code="x">History.</subfield>
          </datafield>
          <datafield tag="650" ind1=" " ind2="0">
            <subfield code="a">Psychiatric hospitals</subfield>
            <subfield code="z">Europe</subfield>
            <subfield code="x">History.</subfield>
          </datafield>
          <datafield tag="650" ind1=" " ind2="7">
            <subfield code="a">HISTORY / Europe / Eastern.</subfield>
            <subfield code="2">bisacsh</subfield>
          </datafield>
          <datafield tag="650" ind1=" " ind2="7">
            <subfield code="a">HISTORY / Europe / Germany.</subfield>
            <subfield code="2">bisacsh</subfield>
          </datafield>
          <datafield tag="650" ind1=" " ind2="7">
            <subfield code="a">HISTORY / Europe / Russia &amp; the Former Soviet Union.</subfield>
            <subfield code="2">bisacsh</subfield>
          </datafield>
          <datafield tag="650" ind1=" " ind2="7">
            <subfield code="a">HISTORY / Modern / 20th Century.</subfield>
            <subfield code="2">bisacsh</subfield>
          </datafield>
          <datafield tag="650" ind1=" " ind2="7">
            <subfield code="a">MEDICAL / Mental Health.</subfield>
            <subfield code="2">bisacsh</subfield>
          </datafield>
          <datafield tag="700" ind1="1" ind2=" ">
            <subfield code="a">Marks, Sarah,</subfield>
            <subfield code="d">1984-</subfield>
          </datafield>
          <datafield tag="700" ind1="1" ind2=" ">
            <subfield code="a">Savelli, Mat,</subfield>
            <subfield code="d">1982-</subfield>
          </datafield>
          <datafield tag="856" ind1="4" ind2="2">
            <subfield code="3">Book review (H-Net)</subfield>
            <subfield code="u">http://www.h-net.org/reviews/showrev.php?id=45676</subfield>
          </datafield>
        </record>
      </zs:recordData>
      <zs:recordPosition>1</zs:recordPosition>
    </zs:record>