
    <zs:record>
      <zs:recordSchema/>
      <zs:recordPacking>xml</zs:recordPacking>
      <zs:recordData>
        <record xmlns="http://www.loc.gov/MARC21/slim">
          <leader>02562cam a22004933a 4500</leader>
          <controlfield tag="001">16483593</controlfield>
          <controlfield tag="005">20101126113407.0</controlfield>
          <controlfield tag="008">100930s1947    xx            000 0 eng  </controlfield>
          <datafield tag="906" ind1=" " ind2=" ">
            <subfield code="a">7</subfield>
            <subfield code="b">cbc</subfield>
            <subfield code="c">orignew</subfield>
            <subfield code="d">2</subfield>
            <subfield code="e">ncip</subfield>
            <subfield code="f">20</subfield>
            <subfield code="g">y-genrareb</subfield>
          </datafield>
          <datafield tag="955" ind1=" " ind2=" ">
            <subfield code="b">he11 2010-09-30</subfield>
            <subfield code="h">he11 2010-09-30</subfield>
          </datafield>
          <datafield tag="010" ind1=" " ind2=" ">
            <subfield code="a">  2010515284</subfield>
          </datafield>
          <datafield tag="040" ind1=" " ind2=" ">
            <subfield code="a">DLC</subfield>
            <subfield code="c">DLC</subfield>
          </datafield>
          <datafield tag="050" ind1="0" ind2="0">
            <subfield code="a">PN2093</subfield>
            <subfield code="b">.C64 1995 no. B193</subfield>
          </datafield>
          <datafield tag="245" ind1="0" ind2="0">
            <subfield code="a">Summer day.</subfield>
          </datafield>
          <datafield tag="246" ind1="1" ind2="4">
            <subfield code="a">Ballet Theatre</subfield>
          </datafield>
          <datafield tag="260" ind1=" " ind2=" ">
            <subfield code="c">1947.</subfield>
          </datafield>
          <datafield tag="300" ind1=" " ind2=" ">
            <subfield code="a">1 v. (theater program).</subfield>
          </datafield>
          <datafield tag="520" ind1=" " ind2=" ">
            <subfield code="a">New York City Center of Music and Drama, season 1947-1948, Lucia Chase and Oliver Smith present "Ballet Theatre," artistic administrator Antony Tudor, musical director Max Goberman, associate regisseur Dimitri Romanoff, associate conductor Ben Steinberg, ballet mistress Margaret Craske, "Summer Day," a pas de deux by Jerome Robbins, music by Serge Prokofieff, costumes and properties by John Boyt, at the piano: Ray Lev (Tuesday), Sarah Marks (Friday, Saturday, Sunday).</subfield>
          </datafield>
          <datafield tag="500" ind1=" " ind2=" ">
            <subfield code="a">New York City Center of Music and Drama, Tuesday December 2, 1947, at 8:30 p.m., Friday, December 5, 1947, at 8:30 p.m., Saturday, December 6, 1947, at 8:30 p.m., Sunday, December 7, 1947, at 2:30 p.m.</subfield>
          </datafield>
          <datafield tag="500" ind1=" " ind2=" ">
            <subfield code="a">Title devised by Library staff.</subfield>
          </datafield>
          <datafield tag="500" ind1=" " ind2=" ">
            <subfield code="a">"The Program-Magazine of New York City Center, Vol. 5, No. 13, week of November 30, 1947"--p. 3.</subfield>
          </datafield>
          <datafield tag="500" ind1=" " ind2=" ">
            <subfield code="a">Cast (Tuesday): Ruth Ann Koesun, Jerome Robbins.</subfield>
          </datafield>
          <datafield tag="500" ind1=" " ind2=" ">
            <subfield code="a">Cast: (Friday, Saturday, Sunday): Ruth Ann Koesun, John Kriza.</subfield>
          </datafield>
          <datafield tag="500" ind1=" " ind2=" ">
            <subfield code="a">"The Program Magazine of New York City Center of Music and Drama"--Cover.</subfield>
          </datafield>
          <datafield tag="501" ind1=" " ind2=" ">
            <subfield code="a">With: Swan lake. Issued together.</subfield>
          </datafield>
          <datafield tag="580" ind1=" " ind2=" ">
            <subfield code="a">In: Richard L. Coe Theater Programs Collection (Library of Congress).</subfield>
          </datafield>
          <datafield tag="500" ind1=" " ind2=" ">
            <subfield code="a">LC copy shelved under: Ballet Theatre.</subfield>
            <subfield code="5">DLC</subfield>
          </datafield>
          <datafield tag="655" ind1=" " ind2="7">
            <subfield code="a">Ballet programs</subfield>
            <subfield code="z">New York (State)</subfield>
            <subfield code="z">New York.</subfield>
            <subfield code="2">lcsh</subfield>
          </datafield>
          <datafield tag="655" ind1=" " ind2="7">
            <subfield code="a">Ballet programs</subfield>
            <subfield code="y">1947.</subfield>
            <subfield code="2">lcsh</subfield>
          </datafield>
          <datafield tag="655" ind1=" " ind2="7">
            <subfield code="a">Theater programs</subfield>
            <subfield code="z">New York (State)</subfield>
            <subfield code="z">New York.</subfield>
            <subfield code="2">rbgenr</subfield>
          </datafield>
          <datafield tag="655" ind1=" " ind2="7">
            <subfield code="a">Theater programs</subfield>
            <subfield code="y">1947.</subfield>
            <subfield code="2">rbgenr</subfield>
          </datafield>
          <datafield tag="700" ind1="1" ind2=" ">
            <subfield code="a">Robbins, Jerome.</subfield>
          </datafield>
          <datafield tag="700" ind1="1" ind2=" ">
            <subfield code="a">Koesun, Ruth Ann.</subfield>
          </datafield>
          <datafield tag="700" ind1="1" ind2=" ">
            <subfield code="a">Kriza, John.</subfield>
          </datafield>
          <datafield tag="700" ind1="1" ind2=" ">
            <subfield code="a">Lev, Ray,</subfield>
            <subfield code="d">1912-1968.</subfield>
          </datafield>
          <datafield tag="700" ind1="1" ind2=" ">
            <subfield code="a">Marks, Sarah.</subfield>
          </datafield>
          <datafield tag="700" ind1="1" ind2=" ">
            <subfield code="a">Boyt, John.</subfield>
          </datafield>
          <datafield tag="700" ind1="1" ind2=" ">
            <subfield code="a">Prokofiev, Sergey,</subfield>
            <subfield code="d">1891-1953.</subfield>
          </datafield>
          <datafield tag="710" ind1="2" ind2=" ">
            <subfield code="a">Ballet Theatre (New York, N.Y.)</subfield>
          </datafield>
          <datafield tag="710" ind1="2" ind2=" ">
            <subfield code="a">City Center of Music and Drama (New York, N. Y.)</subfield>
          </datafield>
          <datafield tag="710" ind1="2" ind2=" ">
            <subfield code="a">Richard L. Coe Theater Programs Collection (Library of Congress)</subfield>
            <subfield code="5">DLC</subfield>
          </datafield>
          <datafield tag="730" ind1="0" ind2=" ">
            <subfield code="a">Summer day (Choreographic work : Robbins)</subfield>
          </datafield>
          <datafield tag="752" ind1=" " ind2=" ">
            <subfield code="a">United States</subfield>
            <subfield code="b">New York</subfield>
            <subfield code="d">New York.</subfield>
          </datafield>
          <datafield tag="952" ind1=" " ind2=" ">
            <subfield code="a">Coe Programs B193</subfield>
          </datafield>
        </record>
      </zs:recordData>
      <zs:recordPosition>2</zs:recordPosition>
    </zs:record>